@article{Byme:curtmola10,
  author    = {Emiran Curtmola and Alin Deutsch and K.K. Ramakrishnan and Divesh Srivastava},
  title     = {Load-Balanced Query Dissemination in Privacy-Aware Online Communities},
  journal   = {SIGMOD},
  year      = {2010},
  bibsource = {DBLP, http://dblp.uni-trier.de}
}

@misc{me:emulab-tutorial,
 title = {Emulab tutorial: http://users.emulab.net/trac/emulab/wiki/Tutorial},
}

